@inproceedings{meirelles2013,
	Author = {Paulo R. M. Meirelles},
	Title = {Monitoramento de métricas de código-fonte em projetos de software livre},
	Year = {2013},
	Address = {São Paulo}
}

@techreport{aranha2012,
	Author = {Aranha, Diego F. and Karam, Marcelo Monte and Miranda, André and Scarel, Felipe Brant},
	Title = {Vulnerabilidades no software da urna eletrônica brasileira},
	Year = {2012},
	Address = {Brasília},
	Institution={Departamento de Ciência da Computação – Universidade de Brasília (CIC/UnB)}
}

@article{analizoartigo,
	Author = {Antonio Terceiro and Joenio Costa and João Miranda and Paulo Meirelles and Luiz Romário Rios and Lucianna Almeida and Christina Chavez and Fabio Kon},
	Title = {Analizo: an Extensible Multi-Language Source Code Analysis and Visualization Toolkit},
	Year = {2010},
	Address = {Universidade Federal da Bahia, Universidade Católica do Salvador, Universidade de São Paulo}
}

@online{stuxnet,
  author={Ralph Langner},
  url={http://www.langner.com/en/wp-content/uploads/2013/11/To-kill-a-centrifuge.pdf},
  urlaccessdate={7 jul. 2015},
  title={To Kill a Centrifuge - A Technical Analysis of What Stuxnet's Creators Tried to Achieve},
  year={2013}
}

@online{nsa,
  author={Center for Assured Software, National Secutiry Agency},
  title={CAS Static Analysis Tool Study - Methodology},
  url={samate.nist.gov/docs/CAS_2011_SA_Tool_Method.pdf},
  urlaccessdate={7 jul. 2015},
  year={2012},
  address={Fort George G. Meade, Maryland, Estados Unidos da América}
}

@ARTICLE{ juliet,
  AUTHOR = "Tim Boland and Paul E. Black",
  TITLE = "Juliet 1.1 C/C++ and Java Test Suite",
  JOURNAL = "IEEE Computer",
  PAGES = {88-90},
  YEAR = {2012},
}

@book{secure_programming,
  title={Secure programming with static analysis},
  author={Chess, Brian and West, Jacob},
  year={2007},
  publisher={Pearson Education}
}

@techreport{harvard,
  title={Evaluating static analysis tools for detecting buffer overflows in c code},
  author={Kratkiewicz, Kendra J},
  year={2005},
  institution={DTIC Document}
}

@inproceedings{kannavara,
  title={Securing Opensource Code via Static Analysis},
  author={Kannavara, Raghudeep},
  booktitle={Software Testing, Verification and Validation (ICST), 2012 IEEE Fifth International Conference on},
  pages={429--436},
  year={2012},
  organization={IEEE}
}

@inproceedings{vadim,
  title={Effect of static analysis tools on software security: preliminary investigation},
  author={Okun, Vadim and Guthrie, William F and Gaucher, Romain and Black, Paul E},
  booktitle={Proceedings of the 2007 ACM workshop on Quality of protection},
  pages={1--5},
  year={2007},
  organization={ACM}
}

@article{sa_spec,
  title={Source code security analysis tool functional specification version 1.1},
  author={Black, Paul E and Kass, Michael and Koo, Michael and Fong, Elizabeth},
  journal={NIST Special Publication},
  volume={500},
  pages={268},
  year={2007}
}

@inproceedings{pascal,
  title={Benchmarking Static Analyzers.},
  author={Cuoq, Pascal and Kirchner, Florent and Yakobowski, Boris},
  booktitle={COMPARE},
  pages={32--35},
  year={2012}
}

@article{seatbelts,
  title={Static Analyzers: Seat Belts for Your Code},
  author={Black, Paul E},
  journal={Security \& Privacy, IEEE},
  volume={10},
  number={3},
  pages={48--52},
  year={2012},
  publisher={IEEE}
}

@article{turing,
  title={On computable numbers, with an application to the Entscheidungsproblem},
  author={Turing, Alan Mathison},
  journal={J. of Math},
  volume={58},
  number={345-363},
  pages={5},
  year={1936}
}

@article{sate_iv,
  title={Report on the Static Analysis Tool Exposition (SATE) IV},
  author={Okun, Vadim and Delaitre, Aurelien and Black, Paul E},
  journal={NIST Special Publication},
  volume={500},
  pages={297},
  year={2013}
}

@article{rice,
  title={Classes of recursively enumerable sets and their decision problems},
  author={Rice, Henry Gordon},
  journal={Transactions of the American Mathematical Society},
  pages={358--366},
  year={1953},
  publisher={JSTOR}
}

@article{snowden,
  title={Rusbridger's "The Snowden Leaks and the Public" and Mill's Utilitarianism: An Analysis of the Utilitarian Concern of "Going Dark"},
  author={Hladik, Casey},
  journal={Stance (1943-1880)},
  volume={7},
  year={2014}
}

@inproceedings{heartbleed,
  title={The matter of Heartbleed},
  author={Durumeric, Zakir and Kasten, James and Adrian, David and Halderman, J Alex and Bailey, Michael and Li, Frank and Weaver, Nicolas and Amann, Johanna and Beekman, Jethro and Payer, Mathias and others},
  booktitle={Proceedings of the 2014 Conference on Internet Measurement Conference},
  pages={475--488},
  year={2014},
  organization={ACM}
}

@article{inclusao,
  title={Inclus{\~a}o digital, software livre e globaliza{\c{c}}{\~a}o contra-hegem{\^o}nica},
  author={da Silveira, S{\'e}rgio Amadeu},
  journal={Software Livre e Inclusao Digital-Organizadores: Sergio Amadeu de Silveira e Joao Cassino, Sao Paulo: Conrad},
  volume={7},
  pages={11},
  year={2003}
}

@article{sociedade,
  title={Seguran{\c{c}}a cibern{\'e}tica: o desafio da nova Sociedade da Informa{\c{c}}{\~a}o},
  author={Canongia, Claudia and Mandarino Junior, Raphael},
  journal={Parcerias Estrat{\'e}gicas},
  volume={14},
  number={29},
  pages={21--46},
  year={2010}
}

@article{concolic,
  author={Raghudeep Kanavara and Christopher J Havlicek and Bo Chen and Mark R Tuttle and Kai Cong and Sandip Ray and Fei Xie},
  title={Challenges and Opportunities with Concolic Testing},
  year={2015},
  address={Portland} 
}

@inproceedings{yan,
  title={Reconstruction of Common Weakness Enumeration},
  author={Wu, Y. and Bojanova, I. and Yesha, Y.},
  publisher={IEEE Software Technology Conference (STC)},
  year={2014}
}

@inproceedings{clustering,
  title={Clustering static analysis defect reports to reduce maintenance costs},
  author={Fry, Zachary P and Weimer, Westley},
  booktitle={Reverse Engineering (WCRE), 2013 20th Working Conference on},
  pages={282--291},
  year={2013},
  organization={IEEE}
}

@inproceedings{johnson2013don,
  title={Why don't software developers use static analysis tools to find bugs?},
  author={Johnson, Bryant and Song, Yoonki and Murphy-Hill, Emerson and Bowdidge, Robert},
  booktitle={Software Engineering (ICSE), 2013 35th International Conference on},
  pages={672--681},
  year={2013},
  organization={IEEE}
}

@book{kernighan,
  title={The C programming language},
  author={Kernighan, Brian W and Ritchie, Dennis M and Ejeklint, Per},
  volume={2},
  year={1988},
  publisher={prentice-Hall Englewood Cliffs}
}

@book{godel,
  title={Collected Works: Vol. I: Publications, 1929-1936},
  author={Godel, Kurt and Feferman, Solomon and Dawson, John William and van Heijenoort, Jean and Kleene, Stephen C and Moore, Gregory H and Solovay, Robert M},
  year={1986},
  publisher={Oxford University Press}
}
